<?xml version="1.0" encoding="UTF-8"?><collection xmlns="http://www.loc.gov/MARC21/slim"><record><leader>00382nam--2200133-i-4500</leader><controlfield tag="001">000005315</controlfield><controlfield tag="002">20161230</controlfield><controlfield tag="005">20170103230806</controlfield><controlfield tag="008">060222s1000------------r-----000-0-eng-d</controlfield><datafield ind1=" " ind2=" " tag="245"><subfield code="a">Chemie. Einfuhrungslehrgang fur chemiker und in genieure</subfield></datafield><datafield ind1=" " ind2=" " tag="260"><subfield code="a">Berlin</subfield><subfield code="b">Veb Verlag Technik</subfield><subfield code="c">1959-1960</subfield></datafield><datafield ind1=" " ind2=" " tag="490"><subfield code="a">Lehrbriefe Fur Des Fernstudium</subfield></datafield><datafield ind1=" " ind2=" " tag="852"><subfield code="a">6577</subfield></datafield><datafield ind1=" " ind2=" " tag="CAT"><subfield code="a">SYS</subfield><subfield code="c">20170103</subfield><subfield code="h">230806</subfield></datafield></record></collection>